
<marc:record><marc:leader>01575nam a2200421 i 4500</marc:leader>
<marc:controlfield tag="001">000086930</marc:controlfield>
<marc:controlfield tag="003">CaOONL</marc:controlfield><marc:controlfield tag="005">20240119142428.0</marc:controlfield><marc:controlfield tag="008">800219s1979    dcua     b   f000 0 eng d</marc:controlfield><marc:datafield tag="020" ind1=" " ind2=" "><marc:subfield code="q">(paperback)</marc:subfield></marc:datafield><marc:datafield tag="035" ind1="9" ind2=" "><marc:subfield code="a">gp^80009428</marc:subfield></marc:datafield><marc:datafield tag="035" ind1=" " ind2=" "><marc:subfield code="a">(OCoLC)5998307</marc:subfield></marc:datafield><marc:datafield tag="037" ind1=" " ind2=" "><marc:subfield code="b">20250</marc:subfield></marc:datafield><marc:datafield tag="040" ind1=" " ind2=" "><marc:subfield code="b">eng</marc:subfield><marc:subfield code="c">GPO</marc:subfield></marc:datafield><marc:datafield tag="043" ind1=" " ind2=" "><marc:subfield code="a">n------</marc:subfield></marc:datafield><marc:datafield tag="050" ind1=" " ind2=" "><marc:subfield code="a">82-A</marc:subfield></marc:datafield><marc:datafield tag="086" ind1="0" ind2=" "><marc:subfield code="a">A 13.52:6/3</marc:subfield></marc:datafield><marc:datafield tag="099" ind1=" " ind2=" "><marc:subfield code="a">A 13.52:6/3</marc:subfield></marc:datafield><marc:datafield tag="100" ind1="1" ind2=" "><marc:subfield code="a">Anderson, Ralph L.</marc:subfield></marc:datafield><marc:datafield tag="245" ind1="1" ind2="0"><marc:subfield code="a">Hypoxylon canker of aspen /</marc:subfield><marc:subfield code="c">Ralph L. Anderson and Gerald W. Anderson ; revised by Arthur L. Schipper, jr.</marc:subfield></marc:datafield><marc:datafield tag="250" ind1=" " ind2=" "><marc:subfield code="a">[Rev. Oct. 1979.]</marc:subfield></marc:datafield><marc:datafield tag="264" ind1=" " ind2="1"><marc:subfield code="a">[Washington] :</marc:subfield><marc:subfield code="b">Dept. of Agriculture, Forest Service,</marc:subfield><marc:subfield code="c">[1979]</marc:subfield></marc:datafield><marc:datafield tag="300" ind1=" " ind2=" "><marc:subfield code="a">7 pages :</marc:subfield><marc:subfield code="b">color illustrations ;</marc:subfield><marc:subfield code="c">24 cm.</marc:subfield></marc:datafield><marc:datafield tag="336" ind1=" " ind2=" "><marc:subfield code="a">text</marc:subfield><marc:subfield code="b">txt</marc:subfield><marc:subfield code="2">rdacontent</marc:subfield></marc:datafield><marc:datafield tag="337" ind1=" " ind2=" "><marc:subfield code="a">unmediated</marc:subfield><marc:subfield code="b">n</marc:subfield><marc:subfield code="2">rdamedia</marc:subfield></marc:datafield><marc:datafield tag="338" ind1=" " ind2=" "><marc:subfield code="a">volume</marc:subfield><marc:subfield code="b">nc</marc:subfield><marc:subfield code="2">rdacarrier</marc:subfield></marc:datafield><marc:datafield tag="490" ind1="1" ind2=" "><marc:subfield code="a">Forest insect &amp; disease leaflet ;</marc:subfield><marc:subfield code="v">6</marc:subfield></marc:datafield><marc:datafield tag="504" ind1=" " ind2=" "><marc:subfield code="a">Bibliography: page 7.</marc:subfield></marc:datafield><marc:datafield tag="590" ind1=" " ind2=" "><marc:subfield code="a">[1 cd]</marc:subfield></marc:datafield><marc:datafield tag="590" ind1=" " ind2=" "><marc:subfield code="a">[Item 82-A]</marc:subfield></marc:datafield><marc:datafield tag="650" ind1=" " ind2="0"><marc:subfield code="a">Aspen</marc:subfield><marc:subfield code="x">Diseases and pests</marc:subfield><marc:subfield code="z">North America.</marc:subfield></marc:datafield><marc:datafield tag="650" ind1=" " ind2="0"><marc:subfield code="a">Canker (Plant disease)</marc:subfield><marc:subfield code="0">https://id.loc.gov/authorities/subjects/sh85019604</marc:subfield></marc:datafield><marc:datafield tag="700" ind1="1" ind2=" "><marc:subfield code="a">Anderson, Gerald W.</marc:subfield></marc:datafield><marc:datafield tag="700" ind1="1" ind2=" "><marc:subfield code="a">Schipper, Arthur L.</marc:subfield><marc:subfield code="0">https://id.loc.gov/authorities/names/n81027561</marc:subfield></marc:datafield><marc:datafield tag="710" ind1="1" ind2=" "><marc:subfield code="a">United States.</marc:subfield><marc:subfield code="b">Forest Service.</marc:subfield><marc:subfield code="0">https://id.loc.gov/authorities/names/n79054932</marc:subfield></marc:datafield><marc:datafield tag="776" ind1="0" ind2="8"><marc:subfield code="i">Online version:</marc:subfield><marc:subfield code="a">Anderson, Ralph L. (Ralph Leo), 1918-</marc:subfield><marc:subfield code="t">Hypoxylon canker of aspen</marc:subfield><marc:subfield code="w">(OCoLC)1258688157</marc:subfield></marc:datafield><marc:datafield tag="830" ind1=" " ind2="0"><marc:subfield code="a">Forest insect &amp; disease leaflet ;</marc:subfield><marc:subfield code="0">https://id.loc.gov/authorities/names/n86704081</marc:subfield><marc:subfield code="v">6.</marc:subfield></marc:datafield><marc:datafield tag="049" ind1=" " ind2=" "><marc:subfield code="a">GPOO</marc:subfield></marc:datafield></marc:record>