
<marc:record><marc:leader>02233nam a2200457Ia 4500</marc:leader>
<marc:controlfield tag="001">000435502</marc:controlfield>
<marc:controlfield tag="003">OCoLC</marc:controlfield><marc:controlfield tag="005">20240117081319.0</marc:controlfield><marc:controlfield tag="008">950309s1995    iluab    b   f000 0 eng d</marc:controlfield><marc:datafield tag="035" ind1=" " ind2=" "><marc:subfield code="a">(OCoLC)32113064</marc:subfield></marc:datafield><marc:datafield tag="035" ind1="9" ind2=" "><marc:subfield code="a">ocm32113064</marc:subfield></marc:datafield><marc:datafield tag="040" ind1=" " ind2=" "><marc:subfield code="b">eng</marc:subfield><marc:subfield code="d">AGL</marc:subfield><marc:subfield code="d">UIU</marc:subfield><marc:subfield code="d">GPO</marc:subfield><marc:subfield code="d">MIA</marc:subfield><marc:subfield code="d">GPO</marc:subfield></marc:datafield><marc:datafield tag="043" ind1=" " ind2=" "><marc:subfield code="a">n-us-il</marc:subfield></marc:datafield><marc:datafield tag="070" ind1="0" ind2=" "><marc:subfield code="a">GB701.W375</marc:subfield><marc:subfield code="b">no.94-4190</marc:subfield></marc:datafield><marc:datafield tag="072" ind1=" " ind2="0"><marc:subfield code="a">P200</marc:subfield></marc:datafield><marc:datafield tag="074" ind1=" " ind2=" "><marc:subfield code="a">0624-B</marc:subfield></marc:datafield><marc:datafield tag="086" ind1="0" ind2=" "><marc:subfield code="a">I 19.42/4:94-4190</marc:subfield></marc:datafield><marc:datafield tag="090" ind1=" " ind2=" "><marc:subfield code="a">GB701</marc:subfield><marc:subfield code="b">.W375 no. 94-4190</marc:subfield></marc:datafield><marc:datafield tag="100" ind1="1" ind2=" "><marc:subfield code="a">Phipps, Richard L.,</marc:subfield><marc:subfield code="d">1935-</marc:subfield><marc:subfield code="0">https://id.loc.gov/authorities/names/n84052461</marc:subfield></marc:datafield><marc:datafield tag="245" ind1="1" ind2="0"><marc:subfield code="a">Dendrogeomorphic estimate of changes in sedimentation rate along the Kankakee River near Momence, Illinois /</marc:subfield><marc:subfield code="c">by Richard L. Phipps, Gary P. Johnson, and Paul J. Terrio ; prepared in cooperation with the Kankakee Soil and Water Conservation District.</marc:subfield></marc:datafield><marc:datafield tag="264" ind1=" " ind2="1"><marc:subfield code="a">Urbana, Ill. :</marc:subfield><marc:subfield code="b">U.S. Dept. of the Interior, U.S. Geological Survey ;</marc:subfield><marc:subfield code="a">Denver, CO :</marc:subfield><marc:subfield code="b">ESIC, Open-File Reports Section [distributor],</marc:subfield><marc:subfield code="c">1995.</marc:subfield></marc:datafield><marc:datafield tag="300" ind1=" " ind2=" "><marc:subfield code="a">iv, 30 pages :</marc:subfield><marc:subfield code="b">illustrations, maps ;</marc:subfield><marc:subfield code="c">28 cm.</marc:subfield></marc:datafield><marc:datafield tag="336" ind1=" " ind2=" "><marc:subfield code="a">text</marc:subfield><marc:subfield code="b">txt</marc:subfield><marc:subfield code="2">rdacontent</marc:subfield></marc:datafield><marc:datafield tag="337" ind1=" " ind2=" "><marc:subfield code="a">unmediated</marc:subfield><marc:subfield code="b">n</marc:subfield><marc:subfield code="2">rdamedia</marc:subfield></marc:datafield><marc:datafield tag="338" ind1=" " ind2=" "><marc:subfield code="a">volume</marc:subfield><marc:subfield code="b">nc</marc:subfield><marc:subfield code="2">rdacarrier</marc:subfield></marc:datafield><marc:datafield tag="490" ind1="1" ind2=" "><marc:subfield code="a">Water-resources investigations report ;</marc:subfield><marc:subfield code="v">94-4190</marc:subfield></marc:datafield><marc:datafield tag="500" ind1=" " ind2=" "><marc:subfield code="a">Shipping list no.: 95-0106-P.</marc:subfield></marc:datafield><marc:datafield tag="504" ind1=" " ind2=" "><marc:subfield code="a">Includes bibliographical references (pages 28-29).</marc:subfield></marc:datafield><marc:datafield tag="650" ind1=" " ind2="0"><marc:subfield code="a">Dendrochronology</marc:subfield><marc:subfield code="z">Illinois</marc:subfield><marc:subfield code="z">Momence Region.</marc:subfield></marc:datafield><marc:datafield tag="650" ind1=" " ind2="0"><marc:subfield code="a">Dendrochronology</marc:subfield><marc:subfield code="z">Kankakee River (Ind. and Ill.)</marc:subfield></marc:datafield><marc:datafield tag="650" ind1=" " ind2="0"><marc:subfield code="a">Sediment transport</marc:subfield><marc:subfield code="z">Kankakee River (Ind. and Ill.)</marc:subfield></marc:datafield><marc:datafield tag="700" ind1="1" ind2=" "><marc:subfield code="a">Johnson, Gary P.</marc:subfield></marc:datafield><marc:datafield tag="700" ind1="1" ind2=" "><marc:subfield code="a">Terrio, Paul J.</marc:subfield><marc:subfield code="0">https://id.loc.gov/authorities/names/n95118080</marc:subfield></marc:datafield><marc:datafield tag="710" ind1="2" ind2=" "><marc:subfield code="a">Geological Survey (U.S.)</marc:subfield><marc:subfield code="0">https://id.loc.gov/authorities/names/n80092173</marc:subfield></marc:datafield><marc:datafield tag="710" ind1="1" ind2=" "><marc:subfield code="a">Kankakee Soil and Water Conservation District (Ill.)</marc:subfield><marc:subfield code="0">https://id.loc.gov/authorities/names/no95017942</marc:subfield></marc:datafield><marc:datafield tag="776" ind1="0" ind2="8"><marc:subfield code="i">Online version:</marc:subfield><marc:subfield code="a">Phipps, Richard L., 1935-</marc:subfield><marc:subfield code="t">Dendrogeomorphic estimate of changes in sedimentation rate along the Kankakee River near Momence, Illinois</marc:subfield><marc:subfield code="w">(OCoLC)681860908</marc:subfield></marc:datafield><marc:datafield tag="830" ind1=" " ind2="0"><marc:subfield code="a">Water-resources investigations report ;</marc:subfield><marc:subfield code="0">https://id.loc.gov/authorities/names/n84746268</marc:subfield><marc:subfield code="v">94-4190.</marc:subfield></marc:datafield><marc:datafield tag="955" ind1=" " ind2=" "><marc:subfield code="a">bc87 20240117</marc:subfield></marc:datafield><marc:datafield tag="049" ind1=" " ind2=" "><marc:subfield code="a">GPOO</marc:subfield></marc:datafield><marc:datafield tag="092" ind1="0" ind2=" "><marc:subfield code="a">582.16097736</marc:subfield><marc:subfield code="b">P558d</marc:subfield><marc:subfield code="2">20</marc:subfield></marc:datafield><marc:datafield tag="990" ind1=" " ind2=" "><marc:subfield code="a">GPO95072196</marc:subfield></marc:datafield></marc:record>