
<marc:record><marc:leader>02593nam a2200445Ia 4500</marc:leader>
<marc:controlfield tag="001">000465540</marc:controlfield>
<marc:controlfield tag="003">OCoLC</marc:controlfield><marc:controlfield tag="005">20240130081952.0</marc:controlfield><marc:controlfield tag="008">961205s1996    oruab    b   f000 0 eng d</marc:controlfield><marc:datafield tag="035" ind1=" " ind2=" "><marc:subfield code="a">(OCoLC)36039614</marc:subfield></marc:datafield><marc:datafield tag="035" ind1="9" ind2=" "><marc:subfield code="a">ocm36039614</marc:subfield></marc:datafield><marc:datafield tag="040" ind1=" " ind2=" "><marc:subfield code="b">eng</marc:subfield><marc:subfield code="d">GPO</marc:subfield></marc:datafield><marc:datafield tag="043" ind1=" " ind2=" "><marc:subfield code="a">n-us-or</marc:subfield></marc:datafield><marc:datafield tag="050" ind1="0" ind2="0"><marc:subfield code="a">GB701</marc:subfield><marc:subfield code="b">.W375 no. 96-4234</marc:subfield></marc:datafield><marc:datafield tag="074" ind1=" " ind2=" "><marc:subfield code="a">0624-B</marc:subfield></marc:datafield><marc:datafield tag="086" ind1="0" ind2=" "><marc:subfield code="a">I 19.42/4:96-4234</marc:subfield></marc:datafield><marc:datafield tag="100" ind1="1" ind2=" "><marc:subfield code="a">Anderson, Chauncey W.</marc:subfield><marc:subfield code="0">https://id.loc.gov/authorities/names/n99043848</marc:subfield></marc:datafield><marc:datafield tag="245" ind1="1" ind2="0"><marc:subfield code="a">Occurrence of selected trace elements and organic compounds and their relation to land use in the Willamette River basin, Oregon, 1992-94 /</marc:subfield><marc:subfield code="c">by Chauncey W. Anderson, Frank A. Rinella and Stewart A. Rounds ; prepared in cooperation with Oregon Department of Environmental Quality, Willamette River Technical Advisory Steering Committee, and National Water-Quality Assessment Program.</marc:subfield></marc:datafield><marc:datafield tag="264" ind1=" " ind2="1"><marc:subfield code="a">Portland, Or. :</marc:subfield><marc:subfield code="b">U.S. Dept. of the Interior, U.S. Geological Survey ;</marc:subfield><marc:subfield code="a">Denver, CO :</marc:subfield><marc:subfield code="b">Branch of Information Services [distributor],</marc:subfield><marc:subfield code="c">1996.</marc:subfield></marc:datafield><marc:datafield tag="300" ind1=" " ind2=" "><marc:subfield code="a">vi, 68 pages :</marc:subfield><marc:subfield code="b">illustrations, maps ;</marc:subfield><marc:subfield code="c">28 cm.</marc:subfield></marc:datafield><marc:datafield tag="336" ind1=" " ind2=" "><marc:subfield code="a">text</marc:subfield><marc:subfield code="b">txt</marc:subfield><marc:subfield code="2">rdacontent</marc:subfield></marc:datafield><marc:datafield tag="337" ind1=" " ind2=" "><marc:subfield code="a">unmediated</marc:subfield><marc:subfield code="b">n</marc:subfield><marc:subfield code="2">rdamedia</marc:subfield></marc:datafield><marc:datafield tag="338" ind1=" " ind2=" "><marc:subfield code="a">volume</marc:subfield><marc:subfield code="b">nc</marc:subfield><marc:subfield code="2">rdacarrier</marc:subfield></marc:datafield><marc:datafield tag="490" ind1="1" ind2=" "><marc:subfield code="a">Water-resources investigations report ;</marc:subfield><marc:subfield code="v">96-4234</marc:subfield></marc:datafield><marc:datafield tag="500" ind1=" " ind2=" "><marc:subfield code="a">Shipping list no.: 97-0077-P.</marc:subfield></marc:datafield><marc:datafield tag="504" ind1=" " ind2=" "><marc:subfield code="a">Includes bibliographical references (pages 53-55).</marc:subfield></marc:datafield><marc:datafield tag="650" ind1=" " ind2="0"><marc:subfield code="a">Organic water pollutants</marc:subfield><marc:subfield code="z">Oregon</marc:subfield><marc:subfield code="z">Willamette River Watershed.</marc:subfield></marc:datafield><marc:datafield tag="650" ind1=" " ind2="0"><marc:subfield code="a">Pesticides</marc:subfield><marc:subfield code="x">Environmental aspects</marc:subfield><marc:subfield code="z">Oregon</marc:subfield><marc:subfield code="z">Willamette River Watershed.</marc:subfield></marc:datafield><marc:datafield tag="650" ind1=" " ind2="0"><marc:subfield code="a">Water quality</marc:subfield><marc:subfield code="z">Oregon</marc:subfield><marc:subfield code="z">Willamette River Watershed.</marc:subfield></marc:datafield><marc:datafield tag="700" ind1="1" ind2=" "><marc:subfield code="a">Rinella, Frank A.</marc:subfield><marc:subfield code="0">https://id.loc.gov/authorities/names/n84047461</marc:subfield></marc:datafield><marc:datafield tag="700" ind1="1" ind2=" "><marc:subfield code="a">Rounds, Stewart.</marc:subfield><marc:subfield code="0">https://id.loc.gov/authorities/names/n88292199</marc:subfield></marc:datafield><marc:datafield tag="710" ind1="1" ind2=" "><marc:subfield code="a">Oregon.</marc:subfield><marc:subfield code="b">Department of Environmental Quality.</marc:subfield><marc:subfield code="0">https://id.loc.gov/authorities/names/n79118928</marc:subfield></marc:datafield><marc:datafield tag="710" ind1="1" ind2=" "><marc:subfield code="a">Oregon.</marc:subfield><marc:subfield code="b">Willamette River Technical Advisory Steering Committee.</marc:subfield><marc:subfield code="0">https://id.loc.gov/authorities/names/no95052363</marc:subfield></marc:datafield><marc:datafield tag="710" ind1="2" ind2=" "><marc:subfield code="a">Geological Survey (U.S.)</marc:subfield><marc:subfield code="0">https://id.loc.gov/authorities/names/n80092173</marc:subfield></marc:datafield><marc:datafield tag="710" ind1="2" ind2=" "><marc:subfield code="a">National Water-Quality Assessment Program (U.S.)</marc:subfield><marc:subfield code="0">https://id.loc.gov/authorities/names/n97085645</marc:subfield></marc:datafield><marc:datafield tag="776" ind1="0" ind2="8"><marc:subfield code="i">Online version:</marc:subfield><marc:subfield code="a">Anderson, Chauncey W.</marc:subfield><marc:subfield code="t">Occurrence of selected trace elements and organic compounds and their relation to land use in the Willamette River basin, Oregon, 1992-94</marc:subfield><marc:subfield code="w">(OCoLC)679316565</marc:subfield></marc:datafield><marc:datafield tag="830" ind1=" " ind2="0"><marc:subfield code="a">Water-resources investigations report ;</marc:subfield><marc:subfield code="0">https://id.loc.gov/authorities/names/n84746268</marc:subfield><marc:subfield code="v">96-4234.</marc:subfield></marc:datafield><marc:datafield tag="955" ind1=" " ind2=" "><marc:subfield code="a">bc87 20240130</marc:subfield></marc:datafield><marc:datafield tag="049" ind1=" " ind2=" "><marc:subfield code="a">GPOO</marc:subfield></marc:datafield><marc:datafield tag="990" ind1=" " ind2=" "><marc:subfield code="a">GPO97054995</marc:subfield></marc:datafield></marc:record>