
<marc:record><marc:leader>02147nam a2200421Ia 4500</marc:leader>
<marc:controlfield tag="001">000469894</marc:controlfield>
<marc:controlfield tag="003">OCoLC</marc:controlfield><marc:controlfield tag="005">20240130072908.0</marc:controlfield><marc:controlfield tag="008">970418s1997    nmuab    b   f000 0 eng d</marc:controlfield><marc:datafield tag="035" ind1=" " ind2=" "><marc:subfield code="a">(OCoLC)36765062</marc:subfield></marc:datafield><marc:datafield tag="035" ind1="9" ind2=" "><marc:subfield code="a">ocm36765062</marc:subfield></marc:datafield><marc:datafield tag="040" ind1=" " ind2=" "><marc:subfield code="b">eng</marc:subfield><marc:subfield code="d">IQU</marc:subfield><marc:subfield code="d">GPO</marc:subfield></marc:datafield><marc:datafield tag="043" ind1=" " ind2=" "><marc:subfield code="a">n-us-nm</marc:subfield></marc:datafield><marc:datafield tag="050" ind1="1" ind2="4"><marc:subfield code="a">GB701</marc:subfield><marc:subfield code="b">.W375 no. 96-4258</marc:subfield></marc:datafield><marc:datafield tag="074" ind1=" " ind2=" "><marc:subfield code="a">0624-B</marc:subfield></marc:datafield><marc:datafield tag="086" ind1="0" ind2=" "><marc:subfield code="a">I 19.42/4:96-4258</marc:subfield></marc:datafield><marc:datafield tag="100" ind1="1" ind2=" "><marc:subfield code="a">Basabilvazo, George T.</marc:subfield><marc:subfield code="q">(George Taylor),</marc:subfield><marc:subfield code="d">1960-</marc:subfield><marc:subfield code="0">https://id.loc.gov/authorities/names/no94039080</marc:subfield></marc:datafield><marc:datafield tag="245" ind1="1" ind2="0"><marc:subfield code="a">Ground-water resources of Catron County, New Mexico /</marc:subfield><marc:subfield code="c">by George T. Basabilvazo ; prepared in cooperation with the New Mexico State Engineer Office, and the New Mexico Bureau of Mines and Mineral Resources.</marc:subfield></marc:datafield><marc:datafield tag="246" ind1="2" ind2=" "><marc:subfield code="a">Ground water resources of Catron County, New Mexico</marc:subfield></marc:datafield><marc:datafield tag="264" ind1=" " ind2="1"><marc:subfield code="a">Albuquerque, N.M. (4501 Indian School Rd. NE, Albuquerque 87110-3929) :</marc:subfield><marc:subfield code="b">U.S. Dept. of the Interior, U.S. Geological Survey ;</marc:subfield><marc:subfield code="a">Denver, CO :</marc:subfield><marc:subfield code="b">Branch of Information Services [distributor],</marc:subfield><marc:subfield code="c">1997.</marc:subfield></marc:datafield><marc:datafield tag="300" ind1=" " ind2=" "><marc:subfield code="a">vii, 141 pages :</marc:subfield><marc:subfield code="b">illustrations, maps ;</marc:subfield><marc:subfield code="c">28 cm.</marc:subfield></marc:datafield><marc:datafield tag="336" ind1=" " ind2=" "><marc:subfield code="a">text</marc:subfield><marc:subfield code="b">txt</marc:subfield><marc:subfield code="2">rdacontent</marc:subfield></marc:datafield><marc:datafield tag="337" ind1=" " ind2=" "><marc:subfield code="a">unmediated</marc:subfield><marc:subfield code="b">n</marc:subfield><marc:subfield code="2">rdamedia</marc:subfield></marc:datafield><marc:datafield tag="338" ind1=" " ind2=" "><marc:subfield code="a">volume</marc:subfield><marc:subfield code="b">nc</marc:subfield><marc:subfield code="2">rdacarrier</marc:subfield></marc:datafield><marc:datafield tag="490" ind1="1" ind2=" "><marc:subfield code="a">Water-resources investigations report ;</marc:subfield><marc:subfield code="v">96-4258</marc:subfield></marc:datafield><marc:datafield tag="500" ind1=" " ind2=" "><marc:subfield code="a">Shipping list no.: 97-0201-P.</marc:subfield></marc:datafield><marc:datafield tag="504" ind1=" " ind2=" "><marc:subfield code="a">Includes bibliographical references (pages 57-62).</marc:subfield></marc:datafield><marc:datafield tag="650" ind1=" " ind2="0"><marc:subfield code="a">Aquifers</marc:subfield><marc:subfield code="z">New Mexico</marc:subfield><marc:subfield code="z">Catron County.</marc:subfield></marc:datafield><marc:datafield tag="650" ind1=" " ind2="0"><marc:subfield code="a">Groundwater</marc:subfield><marc:subfield code="z">New Mexico</marc:subfield><marc:subfield code="z">Catron County.</marc:subfield></marc:datafield><marc:datafield tag="650" ind1=" " ind2="0"><marc:subfield code="a">Hydrogeology</marc:subfield><marc:subfield code="z">New Mexico</marc:subfield><marc:subfield code="z">Catron County.</marc:subfield></marc:datafield><marc:datafield tag="710" ind1="1" ind2=" "><marc:subfield code="a">New Mexico.</marc:subfield><marc:subfield code="b">Bureau of Mines and Mineral Resources.</marc:subfield><marc:subfield code="0">https://id.loc.gov/authorities/names/n79018608</marc:subfield></marc:datafield><marc:datafield tag="710" ind1="1" ind2=" "><marc:subfield code="a">New Mexico.</marc:subfield><marc:subfield code="b">State Engineer Office.</marc:subfield><marc:subfield code="0">https://id.loc.gov/authorities/names/n81003779</marc:subfield></marc:datafield><marc:datafield tag="710" ind1="2" ind2=" "><marc:subfield code="a">Geological Survey (U.S.)</marc:subfield><marc:subfield code="0">https://id.loc.gov/authorities/names/n80092173</marc:subfield></marc:datafield><marc:datafield tag="776" ind1="0" ind2="8"><marc:subfield code="i">Online version:</marc:subfield><marc:subfield code="a">Basabilvazo, George T. (George Taylor), 1960-</marc:subfield><marc:subfield code="t">Ground-water resources of Catron County, New Mexico</marc:subfield><marc:subfield code="w">(OCoLC)681455236</marc:subfield></marc:datafield><marc:datafield tag="830" ind1=" " ind2="0"><marc:subfield code="a">Water-resources investigations report ;</marc:subfield><marc:subfield code="0">https://id.loc.gov/authorities/names/n84746268</marc:subfield><marc:subfield code="v">96-4258.</marc:subfield></marc:datafield><marc:datafield tag="955" ind1=" " ind2=" "><marc:subfield code="a">bc87 20240130</marc:subfield></marc:datafield><marc:datafield tag="049" ind1=" " ind2=" "><marc:subfield code="a">GPOO</marc:subfield></marc:datafield><marc:datafield tag="990" ind1=" " ind2=" "><marc:subfield code="a">GPO97064396</marc:subfield></marc:datafield></marc:record>