
<marc:record><marc:leader>02799nam a2200493 a 4500</marc:leader>
<marc:controlfield tag="001">000514922</marc:controlfield>
<marc:controlfield tag="003">OCoLC</marc:controlfield><marc:controlfield tag="005">20240110104722.0</marc:controlfield><marc:controlfield tag="008">991130s1999    dcua     b   f000 0 eng c</marc:controlfield><marc:datafield tag="035" ind1=" " ind2=" "><marc:subfield code="a">(OCoLC)42902519</marc:subfield></marc:datafield><marc:datafield tag="035" ind1="9" ind2=" "><marc:subfield code="a">ocm42902519</marc:subfield></marc:datafield><marc:datafield tag="037" ind1=" " ind2=" "><marc:subfield code="a">162933</marc:subfield><marc:subfield code="b">GAO (202) 512-6000 (Voice); (202) 512-6061 (Fax)</marc:subfield></marc:datafield><marc:datafield tag="040" ind1=" " ind2=" "><marc:subfield code="a">GAO</marc:subfield><marc:subfield code="b">eng</marc:subfield><marc:subfield code="c">GAO</marc:subfield><marc:subfield code="d">GPO</marc:subfield></marc:datafield><marc:datafield tag="042" ind1=" " ind2=" "><marc:subfield code="a">pcc</marc:subfield></marc:datafield><marc:datafield tag="043" ind1=" " ind2=" "><marc:subfield code="a">n-us---</marc:subfield></marc:datafield><marc:datafield tag="074" ind1=" " ind2=" "><marc:subfield code="a">0546-D-01 (online)</marc:subfield></marc:datafield><marc:datafield tag="086" ind1="0" ind2=" "><marc:subfield code="a">GA 1.5/2:T-AIMD-00-40</marc:subfield></marc:datafield><marc:datafield tag="090" ind1=" " ind2=" "><marc:subfield code="a">QA76.76.S64</marc:subfield><marc:subfield code="b">W525</marc:subfield></marc:datafield><marc:datafield tag="100" ind1="1" ind2=" "><marc:subfield code="a">Willemssen, Joel C.</marc:subfield><marc:subfield code="0">https://id.loc.gov/authorities/names/no96062564</marc:subfield></marc:datafield><marc:datafield tag="245" ind1="1" ind2="0"><marc:subfield code="a">Year 2000 computing challenge :</marc:subfield><marc:subfield code="b">federal business continuity and contingency plans and Day One strategies : statement of Joel C. Willemssen, Director, Civil Agencies Information Systems, Accounting and Information Management Division, before the Subcommittee on Government Management, Information and Technology, Committee on Government Reform, and the Subcommittee on Technology, Committee on Science, House of Representatives /</marc:subfield><marc:subfield code="c">United States General Accounting Office.</marc:subfield></marc:datafield><marc:datafield tag="246" ind1="3" ind2="0"><marc:subfield code="a">Federal business continuity and contingency plans and Day One strategies</marc:subfield></marc:datafield><marc:datafield tag="264" ind1=" " ind2="1"><marc:subfield code="a">Washington, D.C. (P.O. Box 37050, Washington, D.C. 20013) :</marc:subfield><marc:subfield code="b">The Office,</marc:subfield><marc:subfield code="c">[1999]</marc:subfield></marc:datafield><marc:datafield tag="300" ind1=" " ind2=" "><marc:subfield code="a">14 pages :</marc:subfield><marc:subfield code="b">illustrations ;</marc:subfield><marc:subfield code="c">28 cm.</marc:subfield></marc:datafield><marc:datafield tag="336" ind1=" " ind2=" "><marc:subfield code="a">text</marc:subfield><marc:subfield code="b">txt</marc:subfield><marc:subfield code="2">rdacontent</marc:subfield></marc:datafield><marc:datafield tag="337" ind1=" " ind2=" "><marc:subfield code="a">unmediated</marc:subfield><marc:subfield code="b">n</marc:subfield><marc:subfield code="2">rdamedia</marc:subfield></marc:datafield><marc:datafield tag="338" ind1=" " ind2=" "><marc:subfield code="a">volume</marc:subfield><marc:subfield code="b">nc</marc:subfield><marc:subfield code="2">rdacarrier</marc:subfield></marc:datafield><marc:datafield tag="490" ind1="1" ind2=" "><marc:subfield code="a">Testimony ;</marc:subfield><marc:subfield code="v">GAO/T-AIMD-00-40</marc:subfield></marc:datafield><marc:datafield tag="500" ind1=" " ind2=" "><marc:subfield code="a">&quot;October 29, 1999.&quot;</marc:subfield></marc:datafield><marc:datafield tag="500" ind1=" " ind2=" "><marc:subfield code="a">Not distributed to depository libraries in a physical form.</marc:subfield></marc:datafield><marc:datafield tag="504" ind1=" " ind2=" "><marc:subfield code="a">Includes bibliographical references.</marc:subfield></marc:datafield><marc:datafield tag="530" ind1=" " ind2=" "><marc:subfield code="a">Available via Internet from the GPO Access web site. Address as of 7/17/01: http://frwebgate.access.gpo.gov/cgi-bin/getdoc.cgi?dbname=gao&amp;docid=f:ai00040t.pdf; current access is available via PURL.</marc:subfield></marc:datafield><marc:datafield tag="650" ind1=" " ind2="0"><marc:subfield code="a">Administrative agencies</marc:subfield><marc:subfield code="z">United States</marc:subfield><marc:subfield code="x">Data processing.</marc:subfield></marc:datafield><marc:datafield tag="650" ind1=" " ind2="0"><marc:subfield code="a">Administrative agencies</marc:subfield><marc:subfield code="z">United States</marc:subfield><marc:subfield code="x">Planning.</marc:subfield></marc:datafield><marc:datafield tag="650" ind1=" " ind2="0"><marc:subfield code="a">Software maintenance</marc:subfield><marc:subfield code="z">United States.</marc:subfield></marc:datafield><marc:datafield tag="650" ind1=" " ind2="0"><marc:subfield code="a">Year 2000 date conversion (Computer systems)</marc:subfield><marc:subfield code="z">United States.</marc:subfield></marc:datafield><marc:datafield tag="710" ind1="1" ind2=" "><marc:subfield code="a">United States.</marc:subfield><marc:subfield code="b">Congress.</marc:subfield><marc:subfield code="b">House.</marc:subfield><marc:subfield code="b">Committee on Government Reform.</marc:subfield><marc:subfield code="b">Subcommittee on Government Management, Information, and Technology.</marc:subfield><marc:subfield code="0">https://id.loc.gov/authorities/names/no99020126</marc:subfield></marc:datafield><marc:datafield tag="710" ind1="1" ind2=" "><marc:subfield code="a">United States.</marc:subfield><marc:subfield code="b">Congress.</marc:subfield><marc:subfield code="b">House.</marc:subfield><marc:subfield code="b">Committee on Science.</marc:subfield><marc:subfield code="b">Subcommittee on Technology.</marc:subfield><marc:subfield code="0">https://id.loc.gov/authorities/names/no95028365</marc:subfield></marc:datafield><marc:datafield tag="710" ind1="1" ind2=" "><marc:subfield code="a">United States.</marc:subfield><marc:subfield code="b">General Accounting Office.</marc:subfield><marc:subfield code="0">https://id.loc.gov/authorities/names/n80126064</marc:subfield></marc:datafield><marc:datafield tag="830" ind1=" " ind2="0"><marc:subfield code="a">Testimony ;</marc:subfield><marc:subfield code="0">https://id.loc.gov/authorities/names/n86724679</marc:subfield><marc:subfield code="v">GAO/T-AIMD-00-40.</marc:subfield></marc:datafield><marc:datafield tag="856" ind1="4" ind2="1"><marc:subfield code="u">https://purl.fdlp.gov/GPO/LPS13304</marc:subfield></marc:datafield><marc:datafield tag="994" ind1=" " ind2=" "><marc:subfield code="a">11</marc:subfield><marc:subfield code="b">GPO</marc:subfield></marc:datafield><marc:datafield tag="922" ind1=" " ind2=" "><marc:subfield code="a">STAFFPICK202312</marc:subfield></marc:datafield><marc:datafield tag="049" ind1=" " ind2=" "><marc:subfield code="a">GPOO</marc:subfield></marc:datafield><marc:datafield tag="990" ind1=" " ind2=" "><marc:subfield code="a">GPO99083056</marc:subfield></marc:datafield></marc:record>