
<marc:record><marc:leader>01348nam a2200301K  4500</marc:leader>
<marc:controlfield tag="001">000687314</marc:controlfield>
<marc:controlfield tag="005">20240130134749.0</marc:controlfield><marc:controlfield tag="008">100527s19uu    dcu          f000 0 eng d</marc:controlfield><marc:datafield tag="040" ind1=" " ind2=" "><marc:subfield code="a">GPO</marc:subfield><marc:subfield code="b">eng</marc:subfield><marc:subfield code="c">GPO</marc:subfield></marc:datafield><marc:datafield tag="086" ind1="0" ind2=" "><marc:subfield code="a">GS 4.20:265</marc:subfield></marc:datafield><marc:datafield tag="100" ind1="1" ind2=" "><marc:subfield code="a">Ciarrocchi, Joyce D.</marc:subfield></marc:datafield><marc:datafield tag="245" ind1="1" ind2="0"><marc:subfield code="a">Index to passenger lists of vessels arriving at Boston, 1848-91 /</marc:subfield><marc:subfield code="c">[prepared by Joyce D. Ciarrocchi].</marc:subfield></marc:datafield><marc:datafield tag="264" ind1=" " ind2="1"><marc:subfield code="a">[Washington, D.C.],</marc:subfield><marc:subfield code="b">[publisher not identified],</marc:subfield><marc:subfield code="c">[between 1900 and 1999?]</marc:subfield></marc:datafield><marc:datafield tag="300" ind1=" " ind2=" "><marc:subfield code="a">8 pages.</marc:subfield></marc:datafield><marc:datafield tag="336" ind1=" " ind2=" "><marc:subfield code="a">text</marc:subfield><marc:subfield code="b">txt</marc:subfield><marc:subfield code="2">rdacontent</marc:subfield></marc:datafield><marc:datafield tag="337" ind1=" " ind2=" "><marc:subfield code="a">unmediated</marc:subfield><marc:subfield code="b">n</marc:subfield><marc:subfield code="2">rdamedia</marc:subfield></marc:datafield><marc:datafield tag="338" ind1=" " ind2=" "><marc:subfield code="a">volume</marc:subfield><marc:subfield code="b">nc</marc:subfield><marc:subfield code="2">rdacarrier</marc:subfield></marc:datafield><marc:datafield tag="490" ind1="1" ind2=" "><marc:subfield code="a">National Archives microfilm publications, Pamphlet accompanying microcopy ;</marc:subfield><marc:subfield code="v">no. 265</marc:subfield></marc:datafield><marc:datafield tag="500" ind1=" " ind2=" "><marc:subfield code="a">cover title.</marc:subfield></marc:datafield><marc:datafield tag="500" ind1=" " ind2=" "><marc:subfield code="a">National Archives.</marc:subfield></marc:datafield><marc:datafield tag="506" ind1=" " ind2=" "><marc:subfield code="a">Official use. Not available.</marc:subfield></marc:datafield><marc:datafield tag="590" ind1=" " ind2=" "><marc:subfield code="a">SEP 8 1969.</marc:subfield></marc:datafield><marc:datafield tag="650" ind1=" " ind2="0"><marc:subfield code="a">Ships</marc:subfield><marc:subfield code="z">Massachusetts</marc:subfield><marc:subfield code="z">Boston</marc:subfield><marc:subfield code="v">Passenger lists</marc:subfield><marc:subfield code="v">Microform catalogs.</marc:subfield></marc:datafield><marc:datafield tag="650" ind1=" " ind2="0"><marc:subfield code="a">Ship registers</marc:subfield><marc:subfield code="z">Massachusetts</marc:subfield><marc:subfield code="z">Boston</marc:subfield><marc:subfield code="v">Microform catalogs.</marc:subfield></marc:datafield><marc:datafield tag="710" ind1="1" ind2=" "><marc:subfield code="a">United States.</marc:subfield><marc:subfield code="b">National Archives and Records Service.</marc:subfield><marc:subfield code="0">https://id.loc.gov/authorities/names/n79091762</marc:subfield></marc:datafield><marc:datafield tag="830" ind1=" " ind2="0"><marc:subfield code="a">National Archives microfilm publications.</marc:subfield><marc:subfield code="p">Pamphlet accompanying ;</marc:subfield><marc:subfield code="0">https://id.loc.gov/authorities/names/no2012143933</marc:subfield><marc:subfield code="v">microcopy no. 265.</marc:subfield></marc:datafield><marc:datafield tag="922" ind1=" " ind2=" "><marc:subfield code="a">STAFFPICK202401</marc:subfield></marc:datafield><marc:datafield tag="955" ind1=" " ind2=" "><marc:subfield code="a">Historic Shelflist; Drawer 372; LAC54; ZAI87</marc:subfield><marc:subfield code="c">20160902</marc:subfield></marc:datafield></marc:record>