
<marc:record><marc:leader>06662nam a2200577 i 4500</marc:leader>
<marc:controlfield tag="001">000900258</marc:controlfield>
<marc:controlfield tag="005">20240122154430.0</marc:controlfield><marc:controlfield tag="008">240122m18941927dcuab        f001 0 eng d</marc:controlfield><marc:datafield tag="035" ind1=" " ind2=" "><marc:subfield code="a">(OCoLC)1418723704</marc:subfield></marc:datafield><marc:datafield tag="040" ind1=" " ind2=" "><marc:subfield code="a">GPO</marc:subfield><marc:subfield code="b">eng</marc:subfield><marc:subfield code="e">rda</marc:subfield><marc:subfield code="c">GPO</marc:subfield></marc:datafield><marc:datafield tag="043" ind1=" " ind2=" "><marc:subfield code="a">n-us---</marc:subfield></marc:datafield><marc:datafield tag="086" ind1="0" ind2=" "><marc:subfield code="a">X</marc:subfield></marc:datafield><marc:datafield tag="086" ind1="0" ind2=" "><marc:subfield code="a">Y 1.1/2:</marc:subfield></marc:datafield><marc:datafield tag="245" ind1="0" ind2="0"><marc:subfield code="a">Official records of the Union and Confederate navies in the War of the Rebellion.</marc:subfield></marc:datafield><marc:datafield tag="250" ind1=" " ind2=" "><marc:subfield code="a">[Document edition].</marc:subfield></marc:datafield><marc:datafield tag="260" ind1=" " ind2=" "><marc:subfield code="a">Washington :</marc:subfield><marc:subfield code="b">Government Printing Office,</marc:subfield><marc:subfield code="c">1894-1927.</marc:subfield></marc:datafield><marc:datafield tag="300" ind1=" " ind2=" "><marc:subfield code="a">31 volumes :</marc:subfield><marc:subfield code="b">illustrations, maps (some folded) ;</marc:subfield><marc:subfield code="c">24 cm.</marc:subfield></marc:datafield><marc:datafield tag="336" ind1=" " ind2=" "><marc:subfield code="a">text</marc:subfield><marc:subfield code="b">txt</marc:subfield><marc:subfield code="2">rdacontent</marc:subfield></marc:datafield><marc:datafield tag="337" ind1=" " ind2=" "><marc:subfield code="a">unmediated</marc:subfield><marc:subfield code="b">n</marc:subfield><marc:subfield code="2">rdamedia</marc:subfield></marc:datafield><marc:datafield tag="338" ind1=" " ind2=" "><marc:subfield code="a">volume</marc:subfield><marc:subfield code="b">nc</marc:subfield><marc:subfield code="2">rdacarrier</marc:subfield></marc:datafield><marc:datafield tag="490" ind1="1" ind2=" "><marc:subfield code="a">House document</marc:subfield></marc:datafield><marc:datafield tag="490" ind1="1" ind2=" "><marc:subfield code="a">[United States congressional serial set]</marc:subfield></marc:datafield><marc:datafield tag="500" ind1=" " ind2=" "><marc:subfield code="a">&quot;By authority of an Act of Congress approved July 31, 1894.&quot;</marc:subfield></marc:datafield><marc:datafield tag="500" ind1=" " ind2=" "><marc:subfield code="a">Series 1, Vol. 1-27, 1894-1917; Series 2, Vol. 1-3, 1921-1922; General index, 1 v., 1927.</marc:subfield></marc:datafield><marc:datafield tag="500" ind1=" " ind2=" "><marc:subfield code="a">Index in each volume.</marc:subfield></marc:datafield><marc:datafield tag="500" ind1=" " ind2=" "><marc:subfield code="a">Compiled by: ser. 1: v. 1-5, by Richard Rush and Robert H. Woods. -- v. 6-7, by Edward K. Rawson and Robert H. Woods. -- v. 8-10, by Edward K. Rawson and Charles W. Stewart. -- v. 11-13, by Edward K. Rawson, George P. Colvocoresses, and Charles W. Stewart. -- v. 14, by Edward K. Rawson and Charles W. Stewart. -- v. 15-27, by Charles W. Stewart. -- ser. II: v. 1-2, by C.C. Marsh. -- v. 3, by Harry Kidder White. -- General index, by Dudley W. Knox.</marc:subfield></marc:datafield><marc:datafield tag="500" ind1=" " ind2=" "><marc:subfield code="a">In scope of the U.S. Government Publishing Office Cataloging and Indexing Program (C&amp;I) and Federal Depository Library Program (FDLP); no FDLP item number.</marc:subfield></marc:datafield><marc:datafield tag="500" ind1=" " ind2=" "><marc:subfield code="a">Also issued without Congressional series numbering as a department publication.</marc:subfield></marc:datafield><marc:datafield tag="505" ind1="1" ind2=" "><marc:subfield code="a">Series 1 (27 vol.) v. 1: The operations of the cruisers, Jan. 19, 1861-Dec. 31, 1862 -- v. 2: The operations of the cruisers, Jan. 1, 1863-Mar. 31, 1864 -- v. 3: The operations of the cruisers, Apr. 1, 1864-Dec. 30, 1865 -- v. 4: Operations in the Gulf of Mexico, Nov. 15, 1860-June 7, 1861; Operations on the Atlantic Coast, Jan. 1-May 13, 1861; Operations on the Potomac and Rappahannock Rivers, Jan. 5-Dec. 7, 1861 -- v. 5: Operations on the Potomac and Rappahannock Rivers, Dec. 7, 1861-July 31, 1865; Atlantic Blockading Squadron, Apr. 4-July 15, 1861 -- v. 6: Atlantic Blockading Squadron, July 16-Oct. 29, 1861; North Atlantic Blockading Squadron, Oct. 29, 1861-Mar. 8, 1862 -- v. 7: North Atlantic Blockading Squadron, Mar. 8-Sept. 4, 1862 -- v. 8: North Atlantic Blockading Squadron, Sept. 5, 1862-May 4, 1863 -- v. 9: North Atlantic Blockading Squadron, May 5, 1863-May 5, 1864 --^v. 10: North Atlantic Blockading Squadron, May 6, 1864-Oct. 27, 1864 --^v. 11: North Atlantic Blockading Squadron, Oct. 28, 1864-Feb. 1, 1865 -- v. 12: North Atlantic Blockading Squadron, Feb. 2-Aug. 3, 1865; South Atlantic Blockading Squadron, Oct. 29, 1861-May 13, 1862 -- v. 13: South Atlantic Blockading Squadron, May 14, 1862-April 7, 1863 -- v. 14: South Atlantic Blockading Squadron, Apr. 7-Sept. 30, 1863 -- v. 15: South Atlantic Blockading Squadron, Oct. 1, 1863-Sept. 30, 1864 -- v. 16: South Atlantic Blockading Squadron, Oct. 1, 1864-Aug. 8, 1865; Gulf Blockading Squadron, June 7-Dec. 15, 1861 -- v. 17: Gulf Blockading Squadron, Dec. 16, 1861-Feb. 21, 1862; East Gulf Blockading Squadron, Feb. 22, 1862-July 17, 1865 -- v. 18: West Gulf Blockading Squadron, Feb. 21-July 14, 1862 -- v. 19: West Gulf Blockading Squadron, July 15, 1862-Mar. 14, 1863 -- v. 20: West Gulf Blockading Squadron, Mar. 15-Dec. 31, 1863 --^v. 21: West Coast Blockading Squadron, Jan. 1-Dec. 31, 1864 --^v. 22: West Coast Blockading Squadron, Jan. 1, 1865-Jan. 31, 1866; Naval Forces on Western Waters, May 8, 1861-Apr. 11, 1862 -- v. 23: Naval Forces on Western Waters, Apr. 12-Dec. 31, 1862 -- v. 24: Naval Forces on Western Waters, Jan. 1-May 17, 1863 -- v. 25: Naval Forces on Western Waters, May 18, 1863-Feb. 29, 1864 -- v. 26: Naval Forces on Western Waters, Mar. 1-Dec. 31, 1864 -- v. 27: Naval Forces on Western Waters, Jan. 1-Sept. 6, 1865; Supply Vessels, 1861-1865 -- Series II (3 vol.) -- v. 1, pt. 1: Statistical Data of Union and Confederate Ships; pt. 2: Muster Roles of Confederate Government Vessels; pt. 3: Letters of Marque and Reprisal; pt. 4: Confederate Departmental Investigations, etc. -- v. 2: Navy Department Correspondence, 1861-1865, with Agents Abroad -- v. 3: Proclamations, Appointments, etc. of President Davis; State Department Correspondence with Diplomatic Agents, etc. -- General index.</marc:subfield></marc:datafield><marc:datafield tag="550" ind1=" " ind2=" "><marc:subfield code="a">Published under the direction of ... Secretary of the Navy, by ... Superintendent Naval War Records, ser. 1, v. 1-15; by: Superintendent Library and Naval War Records, ser. 1, v. 16-27; by: Officer in Charge Naval Records and Library, ser. 2, v. 1-3.</marc:subfield></marc:datafield><marc:datafield tag="610" ind1="1" ind2="0"><marc:subfield code="a">United States.</marc:subfield><marc:subfield code="b">Navy</marc:subfield><marc:subfield code="x">History</marc:subfield><marc:subfield code="y">Civil War, 1861-1865</marc:subfield><marc:subfield code="v">Sources.</marc:subfield></marc:datafield><marc:datafield tag="610" ind1="1" ind2="0"><marc:subfield code="a">Confederate States of America.</marc:subfield><marc:subfield code="b">Navy</marc:subfield><marc:subfield code="x">History.</marc:subfield><marc:subfield code="0">https://id.loc.gov/authorities/subjects/sh85030891</marc:subfield></marc:datafield><marc:datafield tag="651" ind1=" " ind2="0"><marc:subfield code="a">United States</marc:subfield><marc:subfield code="x">History</marc:subfield><marc:subfield code="y">Civil War, 1861-1865</marc:subfield><marc:subfield code="x">Naval operations.</marc:subfield><marc:subfield code="0">https://id.loc.gov/authorities/subjects/sh85140251</marc:subfield></marc:datafield><marc:datafield tag="700" ind1="1" ind2=" "><marc:subfield code="a">Rush, Richard,</marc:subfield><marc:subfield code="d">1848-1912.</marc:subfield></marc:datafield><marc:datafield tag="700" ind1="1" ind2=" "><marc:subfield code="a">Woods, Robert Harris,</marc:subfield><marc:subfield code="d">1817-</marc:subfield></marc:datafield><marc:datafield tag="700" ind1="1" ind2=" "><marc:subfield code="a">Rawson, Edward Kirk,</marc:subfield><marc:subfield code="d">1846-1934.</marc:subfield><marc:subfield code="0">https://id.loc.gov/authorities/names/n97054578</marc:subfield></marc:datafield><marc:datafield tag="700" ind1="1" ind2=" "><marc:subfield code="a">Colvocoresses, George P.</marc:subfield><marc:subfield code="q">(George Partridge),</marc:subfield><marc:subfield code="d">1847-1932.</marc:subfield><marc:subfield code="0">https://id.loc.gov/authorities/names/n98108803</marc:subfield></marc:datafield><marc:datafield tag="700" ind1="1" ind2=" "><marc:subfield code="a">Stewart, Charles West,</marc:subfield><marc:subfield code="d">1859-1929.</marc:subfield><marc:subfield code="0">https://id.loc.gov/authorities/names/n96036286</marc:subfield></marc:datafield><marc:datafield tag="700" ind1="1" ind2=" "><marc:subfield code="a">Marsh, Charles Carlton,</marc:subfield><marc:subfield code="d">1858-1933.</marc:subfield><marc:subfield code="0">https://id.loc.gov/authorities/names/n96054669</marc:subfield></marc:datafield><marc:datafield tag="700" ind1="1" ind2=" "><marc:subfield code="a">White, Harry Kidder.</marc:subfield></marc:datafield><marc:datafield tag="700" ind1="1" ind2=" "><marc:subfield code="a">Knox, Dudley Wright,</marc:subfield><marc:subfield code="d">1877-1960.</marc:subfield><marc:subfield code="0">https://id.loc.gov/authorities/names/n91046858</marc:subfield></marc:datafield><marc:datafield tag="710" ind1="1" ind2=" "><marc:subfield code="a">United States.</marc:subfield><marc:subfield code="b">Naval War Records Office.</marc:subfield><marc:subfield code="0">https://id.loc.gov/authorities/names/n82155089</marc:subfield></marc:datafield><marc:datafield tag="710" ind1="1" ind2=" "><marc:subfield code="a">United States.</marc:subfield><marc:subfield code="b">Office of Library and Naval War Records,</marc:subfield><marc:subfield code="0">https://id.loc.gov/authorities/names/no2013132910</marc:subfield><marc:subfield code="e">issuing body.</marc:subfield></marc:datafield><marc:datafield tag="710" ind1="1" ind2=" "><marc:subfield code="a">United States.</marc:subfield><marc:subfield code="b">Office of Naval Records and Library,</marc:subfield><marc:subfield code="0">https://id.loc.gov/authorities/names/n50076175</marc:subfield><marc:subfield code="e">issuing body.</marc:subfield></marc:datafield><marc:datafield tag="775" ind1="0" ind2="8"><marc:subfield code="i">Department edition:</marc:subfield><marc:subfield code="t">Official records of the Union and Confederate navies in the war of the rebellion.</marc:subfield><marc:subfield code="d">Washington : G.P.O., 1894-1927</marc:subfield><marc:subfield code="w">(DLC) 06035188</marc:subfield><marc:subfield code="w">(OCoLC)7766091</marc:subfield></marc:datafield><marc:datafield tag="830" ind1=" " ind2="0"><marc:subfield code="a">House document (United States. Congress. House)</marc:subfield><marc:subfield code="0">https://id.loc.gov/authorities/names/n42012889</marc:subfield></marc:datafield><marc:datafield tag="830" ind1=" " ind2="0"><marc:subfield code="a">United States congressional serial set.</marc:subfield><marc:subfield code="0">https://id.loc.gov/authorities/names/n92048654</marc:subfield></marc:datafield><marc:datafield tag="994" ind1=" " ind2=" "><marc:subfield code="a">C0</marc:subfield><marc:subfield code="b">GPO</marc:subfield></marc:datafield><marc:datafield tag="049" ind1=" " ind2=" "><marc:subfield code="a">GPOO</marc:subfield></marc:datafield><marc:datafield tag="955" ind1=" " ind2=" "><marc:subfield code="a">MoCat; 1895; ZAI37</marc:subfield><marc:subfield code="c">20130529</marc:subfield></marc:datafield><marc:datafield tag="955" ind1=" " ind2=" "><marc:subfield code="a">bc31 20240122</marc:subfield><marc:subfield code="b">20240122</marc:subfield></marc:datafield></marc:record>