
<marc:record><marc:leader>02179nam a2200409 i 4500</marc:leader>
<marc:controlfield tag="001">001254984</marc:controlfield>
<marc:controlfield tag="005">20240119111718.0</marc:controlfield><marc:controlfield tag="006">m     o  d f      </marc:controlfield><marc:controlfield tag="007">cr mn|||||||||</marc:controlfield><marc:controlfield tag="008">240119s2019    dcu     o    f000 0 eng c</marc:controlfield><marc:datafield tag="035" ind1=" " ind2=" "><marc:subfield code="a">(OCoLC)1417671418</marc:subfield></marc:datafield><marc:datafield tag="040" ind1=" " ind2=" "><marc:subfield code="a">GPO</marc:subfield><marc:subfield code="b">eng</marc:subfield><marc:subfield code="e">rda</marc:subfield><marc:subfield code="e">pn</marc:subfield><marc:subfield code="c">GPO</marc:subfield></marc:datafield><marc:datafield tag="042" ind1=" " ind2=" "><marc:subfield code="a">pcc</marc:subfield></marc:datafield><marc:datafield tag="043" ind1=" " ind2=" "><marc:subfield code="a">n-us---</marc:subfield></marc:datafield><marc:datafield tag="074" ind1=" " ind2=" "><marc:subfield code="a">0603-B-07 (online)</marc:subfield></marc:datafield><marc:datafield tag="086" ind1="0" ind2=" "><marc:subfield code="a">I 1.121:19-0090</marc:subfield></marc:datafield><marc:datafield tag="110" ind1="1" ind2=" "><marc:subfield code="a">United States.</marc:subfield><marc:subfield code="b">Department of the Interior.</marc:subfield><marc:subfield code="b">Office of Inspector General,</marc:subfield><marc:subfield code="0">https://id.loc.gov/authorities/names/n79072338</marc:subfield><marc:subfield code="e">author.</marc:subfield></marc:datafield><marc:datafield tag="245" ind1="1" ind2="0"><marc:subfield code="a">Summary: unfounded allegation of reprisal by an Office of the Secretary official /</marc:subfield><marc:subfield code="c">Office of Inspector General, U.S. Department of the Interior.</marc:subfield></marc:datafield><marc:datafield tag="246" ind1="3" ind2="0"><marc:subfield code="a">Unfounded allegation of reprisal by an Office of the Secretary official</marc:subfield></marc:datafield><marc:datafield tag="264" ind1=" " ind2="1"><marc:subfield code="a">Washington, DC :</marc:subfield><marc:subfield code="b">Office of Investigations, Office of Inspector General, U.S. Department of the Interior,</marc:subfield><marc:subfield code="c">2019.</marc:subfield></marc:datafield><marc:datafield tag="300" ind1=" " ind2=" "><marc:subfield code="a">1 online resource (1 page).</marc:subfield></marc:datafield><marc:datafield tag="336" ind1=" " ind2=" "><marc:subfield code="a">text</marc:subfield><marc:subfield code="b">txt</marc:subfield><marc:subfield code="2">rdacontent</marc:subfield></marc:datafield><marc:datafield tag="337" ind1=" " ind2=" "><marc:subfield code="a">computer</marc:subfield><marc:subfield code="b">c</marc:subfield><marc:subfield code="2">rdamedia</marc:subfield></marc:datafield><marc:datafield tag="338" ind1=" " ind2=" "><marc:subfield code="a">online resource</marc:subfield><marc:subfield code="b">cr</marc:subfield><marc:subfield code="2">rdacarrier</marc:subfield></marc:datafield><marc:datafield tag="490" ind1="1" ind2=" "><marc:subfield code="a">Report / Office of Inspector General, U.S. Department of the Interior ;</marc:subfield><marc:subfield code="v">no. 19-0090</marc:subfield></marc:datafield><marc:datafield tag="588" ind1=" " ind2=" "><marc:subfield code="a">Description based on online resource, PDF version; title from caption (DOI OIG, viewed January 10, 2024).</marc:subfield></marc:datafield><marc:datafield tag="500" ind1=" " ind2=" "><marc:subfield code="a">&quot;Report Date: July 29, 2019.&quot;</marc:subfield></marc:datafield><marc:datafield tag="500" ind1=" " ind2=" "><marc:subfield code="a">In scope of the U.S. Government Publishing Office Cataloging and Indexing Program (C&amp;I) and Federal Depository Library Program (FDLP).</marc:subfield></marc:datafield><marc:datafield tag="610" ind1="1" ind2="0"><marc:subfield code="a">United States.</marc:subfield><marc:subfield code="b">Department of the Interior.</marc:subfield><marc:subfield code="b">Office of the Secretary</marc:subfield><marc:subfield code="x">Officials and employees</marc:subfield><marc:subfield code="x">Rating of.</marc:subfield></marc:datafield><marc:datafield tag="650" ind1=" " ind2="0"><marc:subfield code="a">Whistle blowing</marc:subfield><marc:subfield code="x">Government policy</marc:subfield><marc:subfield code="z">United States.</marc:subfield></marc:datafield><marc:datafield tag="810" ind1="1" ind2=" "><marc:subfield code="a">United States.</marc:subfield><marc:subfield code="b">Department of the Interior.</marc:subfield><marc:subfield code="b">Office of Inspector General.</marc:subfield><marc:subfield code="t">Report ;</marc:subfield><marc:subfield code="0">https://id.loc.gov/authorities/names/no2006111284</marc:subfield><marc:subfield code="v">no. 19-0090.</marc:subfield></marc:datafield><marc:datafield tag="856" ind1="4" ind2="0"><marc:subfield code="u">https://purl.fdlp.gov/GPO/gpo221663</marc:subfield><marc:subfield code="7">0</marc:subfield></marc:datafield><marc:datafield tag="856" ind1="4" ind2=" "><marc:subfield code="z">Address at time of PURL creation</marc:subfield><marc:subfield code="u">https://www.oversight.gov/sites/default/files/oig-reports/InvestigativeSummary_AllegedReprisalbyDOISupervisor.pdf</marc:subfield></marc:datafield><marc:datafield tag="994" ind1=" " ind2=" "><marc:subfield code="a">C0</marc:subfield><marc:subfield code="b">GPO</marc:subfield></marc:datafield><marc:datafield tag="049" ind1=" " ind2=" "><marc:subfield code="a">XZL4</marc:subfield></marc:datafield><marc:datafield tag="922" ind1=" " ind2=" "><marc:subfield code="a">BIBCONEW</marc:subfield><marc:subfield code="b">20240119</marc:subfield></marc:datafield><marc:datafield tag="955" ind1=" " ind2=" "><marc:subfield code="a">bc47 20240119</marc:subfield><marc:subfield code="b">20240119</marc:subfield></marc:datafield></marc:record>