
<marc:record><marc:leader>05025nam a2200481 i 4500</marc:leader>
<marc:controlfield tag="001">001255276</marc:controlfield>
<marc:controlfield tag="005">20240126112415.0</marc:controlfield><marc:controlfield tag="006">m     o  d f      </marc:controlfield><marc:controlfield tag="007">cr |||||||||||</marc:controlfield><marc:controlfield tag="008">240126s2023    riua    ob   f001 0 eng c</marc:controlfield><marc:datafield tag="035" ind1=" " ind2=" "><marc:subfield code="a">(OCoLC)1419029224</marc:subfield></marc:datafield><marc:datafield tag="040" ind1=" " ind2=" "><marc:subfield code="a">GPO</marc:subfield><marc:subfield code="b">eng</marc:subfield><marc:subfield code="e">rda</marc:subfield><marc:subfield code="e">pn</marc:subfield><marc:subfield code="c">GPO</marc:subfield></marc:datafield><marc:datafield tag="042" ind1=" " ind2=" "><marc:subfield code="a">pcc</marc:subfield></marc:datafield><marc:datafield tag="050" ind1="1" ind2="0"><marc:subfield code="a">D27</marc:subfield><marc:subfield code="b">.H348 2023</marc:subfield></marc:datafield><marc:datafield tag="074" ind1=" " ind2=" "><marc:subfield code="a">0408-A-02 (online)</marc:subfield></marc:datafield><marc:datafield tag="082" ind1="0" ind2="4"><marc:subfield code="a">359.009</marc:subfield><marc:subfield code="2">23/eng/20230501</marc:subfield></marc:datafield><marc:datafield tag="086" ind1="0" ind2=" "><marc:subfield code="a">D 208.210:30</marc:subfield></marc:datafield><marc:datafield tag="100" ind1="1" ind2=" "><marc:subfield code="a">Hattendorf, John B.,</marc:subfield><marc:subfield code="0">https://id.loc.gov/authorities/names/n82045054</marc:subfield><marc:subfield code="e">author.</marc:subfield></marc:datafield><marc:datafield tag="245" ind1="1" ind2="0"><marc:subfield code="a">Reflections on naval history :</marc:subfield><marc:subfield code="b">collected essays /</marc:subfield><marc:subfield code="c">John B. Hattendorf.</marc:subfield></marc:datafield><marc:datafield tag="264" ind1=" " ind2="1"><marc:subfield code="a">Newport, Rhode Island :</marc:subfield><marc:subfield code="b">Naval War College Press,</marc:subfield><marc:subfield code="c">2023.</marc:subfield></marc:datafield><marc:datafield tag="300" ind1=" " ind2=" "><marc:subfield code="a">1 online resource (xiii, 504 pages) :</marc:subfield><marc:subfield code="b">illustrations.</marc:subfield></marc:datafield><marc:datafield tag="336" ind1=" " ind2=" "><marc:subfield code="a">text</marc:subfield><marc:subfield code="b">txt</marc:subfield><marc:subfield code="2">rdacontent</marc:subfield></marc:datafield><marc:datafield tag="337" ind1=" " ind2=" "><marc:subfield code="a">computer</marc:subfield><marc:subfield code="b">c</marc:subfield><marc:subfield code="2">rdamedia</marc:subfield></marc:datafield><marc:datafield tag="338" ind1=" " ind2=" "><marc:subfield code="a">online resource</marc:subfield><marc:subfield code="b">cr</marc:subfield><marc:subfield code="2">rdacarrier</marc:subfield></marc:datafield><marc:datafield tag="490" ind1="1" ind2=" "><marc:subfield code="a">Naval War College historical monograph series ;</marc:subfield><marc:subfield code="v">no. 30</marc:subfield></marc:datafield><marc:datafield tag="500" ind1=" " ind2=" "><marc:subfield code="a">&quot;... third in a series of volumes that bring together scholarly writings originally published in a variety of specialized journals and other publications ... It includes papers originally appearing in the years 2010-20. The earlier volumes are Naval History and Maritime Strategy: Collected Essays (2000), and Talking about Naval History: A Collection of Essays (2011)&quot;--Foreword.</marc:subfield></marc:datafield><marc:datafield tag="500" ind1=" " ind2=" "><marc:subfield code="a">In scope of the U.S. Government Publishing Office Cataloging and Indexing Program (C&amp;I) and Federal Depository Library Program (FDLP).</marc:subfield></marc:datafield><marc:datafield tag="504" ind1=" " ind2=" "><marc:subfield code="a">Includes bibliographical references (pages 457-463) and index.</marc:subfield></marc:datafield><marc:datafield tag="505" ind1="0" ind2=" "><marc:subfield code="a">Part 1: Maritime History and the Historical Perspective. Ubi sumus? Twenty-five years later ; The maritime book in the English-speaking world, 1528-1850 ; Changing American perceptions of the Royal Navy since 1775 ; Commonwealth navies as seen by the U.S. Navy, 1910-2010 ; &quot;Those far distant, storm-beaten ships, upon which the Grand Army never looked&quot;: the influence of sea power, Alfred Thayer Mahan, and the U.S. Naval War College --^Part 2: Early Modern Europe. Navies and naval operations, 1400-1815 ; Competing navies: Anglo-Dutch naval rivalry, 1652-1688 ; North America as a theater of conflict and imperial competition during the War of the Spanish Succession, 1701-1713 ; The Peace of Utrecht in world history ; British policy toward Sweden, Charles XII, and the Great Northern War, 1697-1721 ; Admiral of the Fleet James, First Baron Gambier, GCB --^Part 3: The New Republic. George Washington's navy ; Debating the purpose of a navy in a new republic: the United States of America, 1775-1815 ; The naval War of 1812 in international perspective ; The Royal Navy and economic warfare on the United States during the War of 1812 --^Part 4. The World Wars. The strategic roles of navies during World War I ; Rear Admiral Henry B. Wilson and the U.S. Navy in France, 1917-1919 ; The U.S. Navy in the Mediterranean during World War I and its immediate aftermath, 1917-1923 ; Aircraft carrier naval aviation and the changing character of naval battle during the War in the Pacific, 1941-1945 --^Part 5: Maritime History of, at, and near Newport, Rhode Island. The Brenton family of Newport ; The eighty-gun ship of the line Duc de Bourgogne ; A new model of the steam frigate USS Minnesota, ca. 1877-1881 ; Here's for a Coriolis effect in maritime history ; The Naval War College and Fleet Admiral Nimitz's &quot;Graybook&quot; ; The decision to close Rhode Island bases in 1973 --^Part 6: Naval Theory. The idea of a &quot;fleet in being&quot; in historical perspective ; The quest to understand naval leadership: educating admirals for high command in the U.S. Navy ; The idea of maritime and coastal space in U.S. naval thinking since 1970 ; Statesmen and sea power: reflections on aspects of Admiral Sir Herbert Richmond's thinking ; Naval power and the multidimensional roles of the armed forces ; Appendix: Bibliography of books and articles by John B. Hattendorf, 2015-2023.</marc:subfield></marc:datafield><marc:datafield tag="588" ind1="0" ind2=" "><marc:subfield code="a">Online resource; title from PDF title page (USNWC website, viewed Jan. 26, 2024).</marc:subfield></marc:datafield><marc:datafield tag="650" ind1=" " ind2="0"><marc:subfield code="a">Naval history.</marc:subfield><marc:subfield code="0">https://id.loc.gov/authorities/subjects/sh85090384</marc:subfield></marc:datafield><marc:datafield tag="650" ind1=" " ind2="0"><marc:subfield code="a">Naval art and science.</marc:subfield><marc:subfield code="0">https://id.loc.gov/authorities/subjects/sh85090357</marc:subfield></marc:datafield><marc:datafield tag="650" ind1=" " ind2="7"><marc:subfield code="a">Naval art and science.</marc:subfield><marc:subfield code="2">fast</marc:subfield><marc:subfield code="0">(OCoLC)fst01034937</marc:subfield></marc:datafield><marc:datafield tag="650" ind1=" " ind2="7"><marc:subfield code="a">Naval history.</marc:subfield><marc:subfield code="2">fast</marc:subfield><marc:subfield code="0">(OCoLC)fst01035004</marc:subfield></marc:datafield><marc:datafield tag="710" ind1="2" ind2=" "><marc:subfield code="a">Naval War College (U.S.),</marc:subfield><marc:subfield code="0">https://id.loc.gov/authorities/names/n80119887</marc:subfield><marc:subfield code="e">issuing body.</marc:subfield></marc:datafield><marc:datafield tag="776" ind1="0" ind2="8"><marc:subfield code="i">Print version:</marc:subfield><marc:subfield code="a">Hattendorf, John B.</marc:subfield><marc:subfield code="t">Reflections on naval history.</marc:subfield><marc:subfield code="w">(DLC) 2023019325</marc:subfield><marc:subfield code="w">(OCoLC)1378066608</marc:subfield></marc:datafield><marc:datafield tag="830" ind1=" " ind2="0"><marc:subfield code="a">U.S. Naval War College historical monograph series ;</marc:subfield><marc:subfield code="0">https://id.loc.gov/authorities/names/n42012689</marc:subfield><marc:subfield code="v">no. 30.</marc:subfield></marc:datafield><marc:datafield tag="856" ind1="4" ind2="0"><marc:subfield code="u">https://purl.fdlp.gov/GPO/gpo222148</marc:subfield><marc:subfield code="7">0</marc:subfield></marc:datafield><marc:datafield tag="856" ind1="4" ind2=" "><marc:subfield code="z">Address at time of PURL creation</marc:subfield><marc:subfield code="u">https://digital-commons.usnwc.edu/cgi/viewcontent.cgi?article=1029&amp;context=usnwc-historical-monographs</marc:subfield></marc:datafield><marc:datafield tag="994" ind1=" " ind2=" "><marc:subfield code="a">C0</marc:subfield><marc:subfield code="b">GPO</marc:subfield></marc:datafield><marc:datafield tag="049" ind1=" " ind2=" "><marc:subfield code="a">XZL4</marc:subfield></marc:datafield><marc:datafield tag="922" ind1=" " ind2=" "><marc:subfield code="a">BIBCONEW</marc:subfield><marc:subfield code="b">20240126</marc:subfield></marc:datafield><marc:datafield tag="955" ind1=" " ind2=" "><marc:subfield code="a">bca35 20240126</marc:subfield><marc:subfield code="b">20240126</marc:subfield></marc:datafield></marc:record>